<record xmlns="http://www.loc.gov/MARC21/slim" xmlns:xsi="http://www.w3.org/2001/XMLSchema-instance" xsi:schemaLocation="http://www.loc.gov/MARC21/slim http://www.loc.gov/standards/marcxml/schema/MARC21slim.xsd"><leader>01843nam a2200361   4500</leader><controlfield tag="001">001496929</controlfield><controlfield tag="003">NNU</controlfield><controlfield tag="006">m        d        </controlfield><controlfield tag="007">cr cn |||m|||a</controlfield><controlfield tag="008">150222s1958    sy h    ob    000 0 ara d</controlfield><datafield ind1=" " ind2=" " tag="040"><subfield code="a">NNU</subfield><subfield code="b">eng</subfield><subfield code="c">NNU</subfield></datafield><datafield ind1=" " ind2=" " tag="066"><subfield code="c">(3</subfield></datafield><datafield ind1=" " ind2=" " tag="090"><subfield code="a">PJ6151</subfield><subfield code="b">.R8</subfield></datafield><datafield ind1="1" ind2=" " tag="100"><subfield code="6">880-01</subfield><subfield code="a">Rumm&#257;n&#299;, &#699;Al&#299; ibn &#699;&#298;s&#225;,</subfield><subfield code="d">d. 994</subfield></datafield><datafield ind1="1" ind2="0" tag="245"><subfield code="6">880-02</subfield><subfield code="a">Tawj&#299;h i&#699;r&#257;b aby&#257;t mulghazat al-i&#699;r&#257;b</subfield><subfield code="h">[electronic resource] /</subfield><subfield code="c">lil-Rumm&#257;n&#299; Ab&#299; al-&#7716;asan &#699;Al&#299; ibn &#699;&#298;s&#225; ; &#7717;aqqaqahu wa-qaddama lahu Sa&#699;&#299;d al-Afgh&#257;n&#299;.</subfield></datafield><datafield ind1=" " ind2=" " tag="260"><subfield code="6">880-03</subfield><subfield code="a">Dimashq :</subfield><subfield code="b">Ma&#7789;ba&#699;at al-J&#257;mi&#699;ah al-S&#363;r&#299;yah,</subfield><subfield code="c">1958.</subfield></datafield><datafield ind1=" " ind2=" " tag="300"><subfield code="a">online resource (35, 323 p.) :</subfield><subfield code="b">facsims.</subfield></datafield><datafield ind1=" " ind2=" " tag="500"><subfield code="a">Part of the Arabic Collections Online (ACO) project, contributed by New York Univeristy Libraries.</subfield></datafield><datafield ind1=" " ind2=" " tag="504"><subfield code="a">Bibliography: p. [304]-312.</subfield></datafield><datafield ind1=" " ind2=" " tag="533"><subfield code="a">Electronic reproduction.</subfield><subfield code="b">New York, N.Y. :</subfield><subfield code="c">New York University,</subfield><subfield code="d">2015.</subfield><subfield code="5">NNU</subfield></datafield><datafield ind1=" " ind2="0" tag="650"><subfield code="a">Arabic language</subfield><subfield code="x">Syntax</subfield><subfield code="v">Early works to 1800.</subfield></datafield><datafield ind1=" " ind2="0" tag="650"><subfield code="a">Arabic philology</subfield><subfield code="v">Early works to 1800.</subfield></datafield><datafield ind1="1" ind2=" " tag="700"><subfield code="6">880-04</subfield><subfield code="a">Afgh&#257;n&#299;, Sa&#699;&#299;d</subfield></datafield><datafield ind1="2" ind2=" " tag="710"><subfield code="a">New York University.</subfield><subfield code="b">Libraries.</subfield></datafield><datafield ind1="0" ind2=" " tag="730"><subfield code="a">Arabic Collections Online.</subfield></datafield><datafield ind1="0" ind2="8" tag="776"><subfield code="i">Print version:</subfield><subfield code="a">Rumm&#257;n&#299;, &#699;Al&#299; ibn &#699;&#298;s&#225;, d. 994 880-01</subfield><subfield code="t">Tawj&#299;h i&#699;r&#257;b aby&#257;t mulghazat al-i&#699;r&#257;b</subfield><subfield code="w">(NNU)001496929</subfield></datafield><datafield ind1="4" ind2="0" tag="856"><subfield code="u">http://hdl.handle.net/2333.1/3r22828t</subfield></datafield><datafield ind1="1" ind2=" " tag="880"><subfield code="6">100-01/</subfield><subfield code="a">&#1585;&#1605;&#1575;&#1606;&#1610;&#1548; &#1593;&#1604;&#1610; &#1576;&#1606; &#1593;&#1610;&#1587;&#1609;.</subfield></datafield><datafield ind1="1" ind2="0" tag="880"><subfield code="6">245-02/</subfield><subfield code="a">&#1578;&#1608;&#1580;&#1610;&#1577; &#1575;&#1593;&#1585;&#1575;&#1576; &#1571;&#1576;&#1610;&#1575;&#1578; &#1605;&#1604;&#1594;&#1586;&#1577; &#1575;&#1604;&#1575; &#1593;&#1585;&#1575;&#1576; /</subfield><subfield code="c">&#1604;&#1604;&#1585;&#1605;&#1575;&#1606;&#1610; &#1571;&#1576;&#1610; &#1575;&#1604;&#1581;&#1587;&#1606; &#1593;&#1604;&#1610; &#1576;&#1606; &#1593;&#1610;&#1587;&#1609; &#1563; &#1581;&#1602;&#1602;&#1607; &#1608;&#1602;&#1583;&#1605; &#1604;&#1607; &#1587;&#1593;&#1610;&#1583; &#1575;&#1604;&#1571;&#1601;&#1594;&#1575;&#1606;&#1610;.</subfield></datafield><datafield ind1=" " ind2=" " tag="880"><subfield code="6">260-03/</subfield><subfield code="a">&#1583;&#1605;&#1588;&#1602; :</subfield><subfield code="b">&#1605;&#1591;&#1576;&#1593;&#1577; &#1575;&#1604;&#1580;&#1575;&#1605;&#1593;&#1577; &#1575;&#1604;&#1587;&#1608;&#1585;&#1610;&#1577;&#1548;</subfield><subfield code="c">&#1633;&#1641;&#1637;&#1640;.</subfield></datafield><datafield ind1="1" ind2=" " tag="880"><subfield code="6">700-04/</subfield><subfield code="a">&#1571;&#1601;&#1594;&#1575;&#1606;&#1610;&#1548; &#1587;&#1593;&#1610;&#1583;.</subfield></datafield><datafield ind1=" " ind2=" " tag="959"><subfield code="a">NNU</subfield><subfield code="b">WEB</subfield><subfield code="c">GENI</subfield><subfield code="t">0</subfield><subfield code="m">Electronic access</subfield><subfield code="s">01</subfield></datafield><datafield ind1=" " ind2=" " tag="999"><subfield code="i">NNU_001496929</subfield><subfield code="s">nyu_aco000249</subfield></datafield></record>